@manual{apache03,
       company = "The Apache Software Foundation",
       title = "Apache JMeter",
       url={http://jmeter.apache.org/usermanual/component_reference.html/},
       year = "2013"
       }
     
@book{pressman2005software,
  title={Software Engineering: A Practitioner's Approach},
  author={Pressman, R.S.},
  isbn={9780073019338},
  lccn={2003026394},
  series={McGraw-Hill series in computer science},
  year={2005},
  publisher={Boston}
}

@book{sommerville1992software,
  title={Software Engineering},
  author={Sommerville, I.},
  isbn={9780201565294},
  lccn={91042102},
  series={International Computer Science Series},
  year={1992},
  publisher={Addison-Wesley}
}

@book{kendall2005analisis,
  title={An{\'a}lisis y dise{\~n}o de sistemas},
  author={Kendall, K.E. and Kendall, J.E. and Ramos, A.N.},
  isbn={9789702605775},
  year={2005},
  publisher={Pearson Educaci{\'o}n}
}